

@article{ChenZReportontheThird,
issn = { },
abstract = {},
journal = {Beijing:Peking Union Medical College},
pages = {},
volume = {},
publisher = {Beijing:Peking Union Medical College},
number = {},
year = {2008},
title = {Report on the Third National Cause of Death Sampling Survey},
language = {eng},
author = {Chen, Z and Chen, Y and Xie, Y},
keywords = {},
}

@article{Sun2015,
issn = {2044-6055},
abstract = { },
journal = {BMJ Open},
pages = {1405--1410},
volume = {5},
publisher = { },
number = {2},
year = {2015},
title = {Incidence and fatality of serious suicide attempts in a predominantly rural population in Shandong, China: a public health surveillance study},
language = {eng},
address = { },
author = {Sun, Jiandong and Guo, Xiaolei and Zhang, Jiyu and Wang, Mei and Jia, Cunxian and Xu, Aiqiang},
keywords = {Socioeconomic Factors;Suicide/statistics & numerical data; Suicide, Attempted/*statistics & numerical data; Young Adult; Hospitalisation; Mortality; Suicide},
}

@article{PhillipsMR,
issn = {},
journal = {Lancet},
pages = {835-40},
volume = {359},
publisher = {},
number = {},
year = {2002},
title = {Suicide rates in China,1995-99},
language = {eng},
author = {Phillips, MR and Li, XY and Zhang, YP},
keywords = {},
}

@article{YangGH,
issn = {},
abstract = {},
journal = {Biomed Enciron Sci},
pages = {379-89},
volume = {18},
publisher = {Elsevier Inc.},
year = {2005},
title = {Understanding the unique characteristics of suicide in China: National psychological autopsy study},
language = {eng},
author = {Yang, GH and Phillips, MR and Zhou, MG and et al},
keywords = {},
}

@article{AjdacicGrossV,
issn = {},
abstract = {},
journal = {Bull World Health Organ},
pages = {726-32},
volume = {86},
publisher = {},
number = {},
year = {2008},
title = {Methods of suicide: international suicide patterns derived from the WHO mortality database},
author = {Ajdacic-Gross, V and Weiss, MG and Ring, M and et al},
keywords = {},
}
